<?xml version="1.0" encoding="UTF-8"?><collection xmlns="http://www.loc.gov/MARC21/slim"><record><leader>00361nam--2200145-i-4500</leader><controlfield tag="001">000013233</controlfield><controlfield tag="002">20161230</controlfield><controlfield tag="005">20170210022105</controlfield><controlfield tag="008">060222s1000------------r-----000-0-eng-d</controlfield><datafield ind1=" " ind2=" " tag="100"><subfield code="a">Dinca, George</subfield></datafield><datafield ind1=" " ind2=" " tag="245"><subfield code="a">Metode variationale si aplicatii</subfield></datafield><datafield ind1=" " ind2=" " tag="260"><subfield code="a">Bucuresti</subfield><subfield code="b">Ed.Tehnica</subfield><subfield code="c">1980</subfield></datafield><datafield ind1=" " ind2=" " tag="300"><subfield code="a">640 p</subfield></datafield><datafield ind1=" " ind2=" " tag="852"><subfield code="a">99404</subfield><subfield code="c">517.9</subfield></datafield><datafield ind1=" " ind2=" " tag="CAT"><subfield code="a">SYS</subfield><subfield code="c">20170210</subfield><subfield code="h">022105</subfield></datafield></record></collection>